@online{MetodologiaIncremental,
  title = {Metodología incremental},
  year = {2017},
  url = {https://informaticametodologias.wordpress.com/2017/09/11/metodologia-incremental/},
  note = {Accessed: 2024-06-07}
}

@online{JWTIntroduction,
  title = {Introduction to JWT},
  url = {https://jwt.io/introduction/},
  note = {Accessed: 2024-06-07}
}

@online{ACSMRebrandX,
  title = {RebrandX},
  url = {https://rebrandx.acsm.org/},
  note = {Accessed: 2024-06-07}
}

@online{WHOPhysicalActivity,
  title = {Physical Activity},
  url = {https://www.who.int/news-room/fact-sheets/detail/physical-activity},
  note = {Accessed: 2024-06-07}
}

@online{CDC,
  title = {Centers for Disease Control and Prevention},
  url = {https://www.cdc.gov/},
  note = {Accessed: 2024-06-07}
}

@online{BJSM,
  title = {British Journal of Sports Medicine},
  url = {https://bjsm.bmj.com/},
  note = {Accessed: 2024-06-07}
}

@online{Django,
  title = {Django: The Web framework for perfectionists with deadlines},
  url = {https://www.djangoproject.com/},
  note = {Accessed: 2024-06-07}
}

@online{React,
  title = {React – A JavaScript library for building user interfaces},
  url = {https://reactjs.org/},
  note = {Accessed: 2024-06-07}
}

@online{ReactNative,
  title = {React Native – Create native apps for Android and iOS using React},
  url = {https://reactnative.dev/},
  note = {Accessed: 2024-06-07}
}

@online{PostgreSQL,
  title = {PostgreSQL: The world's most advanced open source database},
  url = {https://www.postgresql.org/},
  note = {Accessed: 2024-06-07}
}

@online{Python,
  title = {Welcome to Python.org},
  url = {https://www.python.org/},
  note = {Accessed: 2024-06-07}
}

@online{JavaScript,
  title = {JavaScript.com},
  url = {https://www.javascript.com/},
  note = {Accessed: 2024-06-07}
}

@online{Bootstrap,
  title = {Bootstrap · The most popular HTML, CSS, and JS library in the world.},
  url = {https://getbootstrap.com/},
  note = {Accessed: 2024-06-07}
}

@online{CSS,
  title = {CSS: Cascading Style Sheets},
  url = {https://developer.mozilla.org/en-US/docs/Web/CSS},
  note = {Accessed: 2024-06-07}
}

@online{MyFitnessPal,
  title = {MyFitnessPal},
  url = {https://www.myfitnesspal.com/},
  note = {Accessed: 2024-06-07}
}

@online{Yazio,
  title = {Yazio - Your Calorie Counter},
  url = {https://www.yazio.com/},
  note = {Accessed: 2024-06-07}
}

@online{NikeTrainingClub,
  title = {Nike Training Club},
  url = {https://www.nike.com/ntc-app},
  note = {Accessed: 2024-06-07}
}

@online{Fitbod,
  title = {Fitbod - Personal Workout and Fitness Plans},
  url = {https://www.fitbod.me/},
  note = {Accessed: 2024-06-07}
}

@online{Calisteniapp,
  title = {Calisteniapp - Calisthenics and Street Workout},
  url = {https://calisteniapp.com/},
  note = {Accessed: 2024-06-07}
}

@online{Fitbit,
  title = {Fitbit Official Site for Activity Trackers and More},
  url = {https://www.fitbit.com/},
  note = {Accessed: 2024-06-07}
}

@online{SamsungHealth,
  title = {Samsung Health},
  url = {https://www.samsung.com/global/galaxy/apps/samsung-health/},
  note = {Accessed: 2024-06-07}
}

@online{Nutrifix,
  title = {Nutrifix - Your Personalized Nutrition Guide},
  url = {https://www.nutrifix.co/},
  note = {Accessed: 2024-06-07}
}

@online{PlateJoy,
  title = {PlateJoy - Healthy Eating, Simplified},
  url = {https://www.platejoy.com/},
  note = {Accessed: 2024-06-07}
}

@online{Freeletics,
  title = {Freeletics - Workouts and Training Plans},
  url = {https://www.freeletics.com/},
  note = {Accessed: 2024-06-07}
}

@online{JEFIT,
  title = {JEFIT - Workout, Fitness, Bodybuilding App},
  url = {https://www.jefit.com/},
  note = {Accessed: 2024-06-07}
}

@online{8fit,
  title = {8fit - Workouts, Meal Planner and Personal Trainer},
  url = {https://www.8fit.com/},
  note = {Accessed: 2024-06-07}
}

@online{Noom,
  title = {Noom - Health and Wellness Programs},
  url = {https://www.noom.com/},
  note = {Accessed: 2024-06-07}
}

@online{GitHub,
  title = {GitHub - Where the world builds software},
  url = {https://github.com/},
  note = {Accessed: 2024-06-07}
}

@online{VSCode,
  title = {Visual Studio Code - Code Editing. Redefined},
  url = {https://code.visualstudio.com/},
  note = {Accessed: 2024-06-07}
}

@online{Figma,
  title = {Figma - The collaborative interface design tool},
  url = {https://www.figma.com/},
  note = {Accessed: 2024-06-07}
}

@online{ReactNativeCLI,
  title = {React Native CLI - Command Line Interface for React Native},
  url = {https://reactnative.dev/docs/environment-setup},
  note = {Accessed: 2024-06-07}
}

@online{Neon,
  title = {Neon - Serverless, fault-tolerant, and developer-friendly Postgres},
  url = {https://neon.tech/},
  note = {Accessed: 2024-06-07}
}

@online{Render,
  title = {Render - The Easiest Cloud For All Your Apps and Websites},
  url = {https://render.com/},
  note = {Accessed: 2024-06-07}
}

@online{Android,
  title = {Android},
  url = {https://www.android.com/},
  note = {Accessed: 2024-06-07}
}

@online{iOS,
  title = {iOS - Apple},
  url = {https://www.apple.com/ios/},
  note = {Accessed: 2024-06-07}
}

@online{RESTfulAPI,
  title = {RESTful API - An architectural style for networked applications},
  url = {https://restfulapi.net/},
  note = {Accessed: 2024-06-07}
}

@online{Axios,
  title = {Axios - Promise based HTTP client for the browser and node.js},
  url = {https://axios-http.com/},
  note = {Accessed: 2024-06-07}
}

@online{JWT,
  title = {JSON Web Tokens (JWT)},
  url = {https://jwt.io/},
  note = {Accessed: 2024-06-07}
}

@online{Pip,
  title = {pip - The Python Package Installer},
  url = {https://pip.pypa.io/},
  note = {Accessed: 2024-06-07}
}

@online{Npm,
  title = {npm - Node Package Manager},
  url = {https://www.npmjs.com/},
  note = {Accessed: 2024-06-07}
}

@online{Pytest,
  title = {pytest - A mature full-featured Python testing tool},
  url = {https://pytest.org/},
  note = {Accessed: 2024-06-07}
}

@online{Postman,
  title = {Postman - The Collaboration Platform for API Development},
  url = {https://www.postman.com/},
  note = {Accessed: 2024-06-07}
}

@online{ReactNativeDebugger,
  title = {React Native Debugger},
  url = {https://github.com/jhen0409/react-native-debugger},
  note = {Accessed: 2024-06-07}
}

@online{GoogleChromeDevTools,
  title = {Google Chrome DevTools},
  url = {https://developer.chrome.com/docs/devtools/},
  note = {Accessed: 2024-06-07}
}

@online{Jest,
  title = {Jest - Delightful JavaScript Testing},
  url = {https://jestjs.io/},
  note = {Accessed: 2024-06-07}
}

@online{ReactTestingLibrary,
  title = {React Testing Library - Simple and complete React DOM testing utilities},
  url = {https://testing-library.com/docs/react-testing-library/intro/},
  note = {Accessed: 2024-06-07}
}

@online{Lucidchart,
  title = {Lucidchart - Online Diagram Software and Visual Solution},
  url = {https://www.lucidchart.com/},
  note = {Accessed: 2024-06-07}
}
